@book{korn,
  title={Mathematical Handbook for Scientists and Engineers: Definitions, Theorems, and Formulas for Reference and Review},
  author={Korn, G.A. and Korn, T.M.},
  isbn={9780486411477},
  lccn={00030318},
  year={1968}
}

@book{zorich,
  title={Математический анализ, часть II},
  author={Зорич, В. А.},
  edition={9},
  year={2019},
  publisher={МЦНМО},
  isbn={978-5-4439-1305-6}
}
